@article{Smith2004AdvancesFSL,
    title = {{Advances in functional and structural MR image analysis and implementation as FSL}},
    year = {2004},
    journal = {NeuroImage},
    author = {Smith, Stephen M. and Jenkinson, Mark and Woolrich, Mark W. and Beckmann, Christian F. and Behrens, Timothy E.J. and Johansen-Berg, Heidi and Bannister, Peter R. and De Luca, Marilena and Drobnjak, Ivana and Flitney, David E. and Niazy, Rami K. and Saunders, James and Vickers, John and Zhang, Yongyue and De Stefano, Nicola and Brady, J. Michael and Matthews, Paul M.},
    month = {1},
    pages = {S208-S219},
    volume = {23},
    url = {http://www.ncbi.nlm.nih.gov/pubmed/15501092 http://linkinghub.elsevier.com/retrieve/pii/S1053811904003933},
    doi = {10.1016/j.neuroimage.2004.07.051},
    issn = {10538119},
    pmid = {15501092}
}

@article{Andersson2016AnImaging.,
    title = {{An integrated approach to correction for off-resonance effects and subject movement in diffusion MR imaging.}},
    year = {2016},
    journal = {NeuroImage},
    author = {Andersson, Jesper L R and Sotiropoulos, Stamatios N},
    month = {1},
    pages = {1063--1078},
    volume = {125},
    url = {https://linkinghub.elsevier.com/retrieve/pii/S1053811915009209 http://www.ncbi.nlm.nih.gov/pubmed/26481672 http://www.pubmedcentral.nih.gov/articlerender.fcgi?artid=PMC4692656},
    doi = {10.1016/j.neuroimage.2015.10.019},
    issn = {1095-9572},
    pmid = {26481672},
    keywords = {Diffusion, Eddy current, Movement, Registration, Susceptibility}
}

@article{Veraart2016DenoisingTheory,
    title = {{Denoising of diffusion MRI using random matrix theory}},
    year = {2016},
    journal = {NeuroImage},
    author = {Veraart, Jelle and Novikov, Dmitry S. and Christiaens, Daan and Ades-aron, Benjamin and Sijbers, Jan and Fieremans, Els},
    month = {11},
    pages = {394--406},
    volume = {142},
    url = {https://linkinghub.elsevier.com/retrieve/pii/S1053811916303949},
    doi = {10.1016/j.neuroimage.2016.08.016},
    issn = {10538119}
}

@article{Veraart2016DenoisingTheory.,
    title = {{Denoising of diffusion MRI using random matrix theory.}},
    year = {2016},
    journal = {NeuroImage},
    author = {Veraart, Jelle and Novikov, Dmitry S and Christiaens, Daan and Ades-Aron, Benjamin and Sijbers, Jan and Fieremans, Els},
    month = {11},
    pages = {394--406},
    volume = {142},
    url = {https://linkinghub.elsevier.com/retrieve/pii/S1053811916303949 http://www.ncbi.nlm.nih.gov/pubmed/27523449 http://www.pubmedcentral.nih.gov/articlerender.fcgi?artid=PMC5159209},
    doi = {10.1016/j.neuroimage.2016.08.016},
    issn = {1095-9572},
    pmid = {27523449},
    keywords = {Accuracy, Marchenko-Pastur distribution, PCA, Precision}
}

@article{Alexander2007DiffusionBrain.,
    title = {{Diffusion tensor imaging of the brain.}},
    year = {2007},
    journal = {Neurotherapeutics : the journal of the American Society for Experimental NeuroTherapeutics},
    author = {Alexander, Andrew L and Lee, Jee Eun and Lazar, Mariana and Field, Aaron S},
    number = {3},
    month = {7},
    pages = {316--29},
    volume = {4},
    publisher = {NIH Public Access},
    url = {http://www.ncbi.nlm.nih.gov/pubmed/17599699 http://www.pubmedcentral.nih.gov/articlerender.fcgi?artid=PMC2041910},
    doi = {10.1016/j.nurt.2007.05.011},
    issn = {1933-7213},
    pmid = {17599699}
}

@article{Garyfallidis2014DipyData,
    title = {{Dipy, a library for the analysis of diffusion MRI data}},
    year = {2014},
    journal = {Frontiers in Neuroinformatics},
    author = {Garyfallidis, Eleftherios and Brett, Matthew and Amirbekian, Bagrat and Rokem, Ariel and van der Walt, Stefan and Descoteaux, Maxime and Nimmo-Smith, Ian},
    month = {2},
    volume = {8},
    url = {http://journal.frontiersin.org/article/10.3389/fninf.2014.00008/abstract},
    doi = {10.3389/fninf.2014.00008},
    issn = {1662-5196}
}

@article{Garyfallidis2014DipyData.,
    title = {{Dipy, a library for the analysis of diffusion MRI data.}},
    year = {2014},
    journal = {Frontiers in neuroinformatics},
    author = {Garyfallidis, Eleftherios and Brett, Matthew and Amirbekian, Bagrat and Rokem, Ariel and van der Walt, Stefan and Descoteaux, Maxime and Nimmo-Smith, Ian and {Dipy Contributors}},
    month = {2},
    pages = {8},
    volume = {8},
    url = {http://journal.frontiersin.org/article/10.3389/fninf.2014.00008/abstract http://www.ncbi.nlm.nih.gov/pubmed/24600385 http://www.pubmedcentral.nih.gov/articlerender.fcgi?artid=PMC3931231},
    doi = {10.3389/fninf.2014.00008},
    issn = {1662-5196},
    pmid = {24600385},
    keywords = {DSI, DTI, HARDI, Python, dMRI, diffusion MRI, free open source software, tractography}
}

@article{Stebbins2007HIV-associatedStudy,
    title = {{HIV-associated alterations in normal-appearing white matter: A voxel-wise diffusion tensor imaging study}},
    year = {2007},
    journal = {Journal of Acquired Immune Deficiency Syndromes},
    author = {Stebbins, Glenn T. and Smith, Clifford A. and Bartt, Russell E. and Kessler, Harold A. and Adeyemi, Oluwatoyin M. and Martin, Eileen and Cox, Jennifer L. and Bammer, Roland and Moseley, Michael E.},
    number = {5},
    pages = {564--573},
    volume = {46},
    isbn = {1525-4135},
    doi = {10.1097/QAI.0b013e318159d807},
    issn = {15254135},
    pmid = {18193498},
    keywords = {Diffusion tensor imaging, Magnetic resonance imaging, White matter}
}

@article{Heaton2010HIV-associatedStudy,
    title = {{HIV-associated neurocognitive disorders persist in the era of potent antiretroviral therapy: CHARTER Study}},
    year = {2010},
    journal = {Neurology},
    author = {Heaton, R. K. and Clifford, D. B. and Franklin, D. R. and Woods, S. P. and Ake, C. and Vaida, F. and Ellis, R. J. and Letendre, S. L. and Marcotte, T. D. and Atkinson, J. H. and Rivera-Mindt, M. and Vigil, O. R. and Taylor, M. J. and Collier, A. C. and Marra, C. M. and Gelman, B. B. and McArthur, J. C. and Morgello, S. and Simpson, D. M. and McCutchan, J. A. and Abramson, I. and Gamst, A. and Fennema-Notestine, C. and Jernigan, T. L. and Wong, J. and Grant, I. and {CHARTER Group}},
    number = {23},
    month = {12},
    pages = {2087--2096},
    volume = {75},
    url = {http://www.ncbi.nlm.nih.gov/pubmed/21135382 http://www.pubmedcentral.nih.gov/articlerender.fcgi?artid=PMC2995535 http://www.neurology.org/cgi/doi/10.1212/WNL.0b013e318200d727},
    doi = {10.1212/WNL.0b013e318200d727},
    issn = {0028-3878},
    pmid = {21135382}
}

@article{Jenkinson2002ImprovedImages.,
    title = {{Improved optimization for the robust and accurate linear registration and motion correction of brain images.}},
    year = {2002},
    journal = {NeuroImage},
    author = {Jenkinson, Mark and Bannister, Peter and Brady, Michael and Smith, Stephen},
    number = {2},
    month = {10},
    pages = {825--41},
    volume = {17},
    url = {http://www.ncbi.nlm.nih.gov/pubmed/12377157},
    issn = {1053-8119},
    pmid = {12377157}
}

@article{Heneka2014InnateDisease,
    title = {{Innate immune activation in neurodegenerative disease}},
    year = {2014},
    journal = {Nature Reviews Immunology},
    author = {Heneka, Michael T. and Kummer, Markus P. and Latz, Eicke},
    number = {7},
    month = {7},
    pages = {463--477},
    volume = {14},
    publisher = {Nature Publishing Group},
    url = {http://www.nature.com/articles/nri3705},
    doi = {10.1038/nri3705},
    issn = {1474-1733},
    keywords = {Alzheimer's disease, Innate immunity, Microglial cells, Neuroimmunology}
}

@article{Basser1996MicrostructuralMRI.,
    title = {{Microstructural and physiological features of tissues elucidated by quantitative-diffusion-tensor MRI.}},
    year = {1996},
    journal = {Journal of magnetic resonance. Series B},
    author = {Basser, P J and Pierpaoli, C},
    number = {3},
    month = {6},
    pages = {209--19},
    volume = {111},
    url = {http://www.ncbi.nlm.nih.gov/pubmed/8661285},
    issn = {1064-1866},
    pmid = {8661285}
}

@article{Tate2010QuantitativePatients,
    title = {{Quantitative Diffusion Tensor Imaging Tractography Metrics are Associated with Cognitive Performance Among HIV-Infected Patients}},
    year = {2010},
    journal = {Brain Imaging and Behavior},
    author = {Tate, David F. and Conley, Jared and Paul, Robert H. and Coop, Kathryn and Zhang, Song and Zhou, Wenjin and Laidlaw, David H. and Taylor, Lynn E. and Flanigan, Timothy and Navia, Bradford and Cohen, Ronald and Tashima, Karen},
    number = {1},
    pages = {68--79},
    volume = {4},
    isbn = {1931-7565 (Electronic){\textbackslash}n1931-7557 (Linking)},
    doi = {10.1007/s11682-009-9086-z},
    issn = {19317557},
    pmid = {20503115},
    keywords = {DTI, HIV, Neuropsychological performance, Tractography}
}

@article{Smith2006Tract-basedData,
    title = {{Tract-based spatial statistics: Voxelwise analysis of multi-subject diffusion data}},
    year = {2006},
    journal = {NeuroImage},
    author = {Smith, Stephen M. and Jenkinson, Mark and Johansen-Berg, Heidi and Rueckert, Daniel and Nichols, Thomas E. and Mackay, Clare E. and Watkins, Kate E. and Ciccarelli, Olga and Cader, M. Zaheer and Matthews, Paul M. and Behrens, Timothy E.J.},
    number = {4},
    month = {7},
    pages = {1487--1505},
    volume = {31},
    url = {http://www.ncbi.nlm.nih.gov/pubmed/16624579 http://linkinghub.elsevier.com/retrieve/pii/S1053811906001388},
    doi = {10.1016/j.neuroimage.2006.02.024},
    issn = {10538119},
    pmid = {16624579}
}

@article{Antinori2007UpdatedDisorders.,
    title = {{Updated research nosology for HIV-associated neurocognitive disorders.}},
    year = {2007},
    journal = {Neurology},
    author = {Antinori, A and Arendt, G and Becker, J T and Brew, B J and Byrd, D A and Cherner, M and Clifford, D B and Cinque, P and Epstein, L G and Goodkin, K and Gisslen, M and Grant, I and Heaton, R K and Joseph, J and Marder, K and Marra, C M and McArthur, J C and Nunn, M and Price, R W and Pulliam, L and Robertson, K R and Sacktor, N and Valcour, V and Wojna, V E},
    number = {18},
    month = {10},
    pages = {1789--99},
    volume = {69},
    publisher = {NIH Public Access},
    url = {http://www.ncbi.nlm.nih.gov/pubmed/17914061 http://www.pubmedcentral.nih.gov/articlerender.fcgi?artid=PMC4472366},
    doi = {10.1212/01.WNL.0000287431.88658.8b},
    issn = {1526-632X},
    pmid = {17914061}
}

@article{Ragin2004WholeImpairment,
    title = {{Whole Brain Diffusion Tensor Imaging in HIV-Associated Cognitive Impairment}},
    year = {2004},
    journal = {American Journal of Neuroradiology},
    author = {Ragin, A.B. and Storey, P. and Cohen, B.A. and Epstein, L.G. and Edelman, R.R.},
    number = {2},
    pages = {195--200},
    volume = {25},
    issn = {01956108}
}